<?xml version="1.0" encoding="UTF-8"?><record xmlns="http://www.loc.gov/MARC21/slim" xmlns:cinclude="http://apache.org/cocoon/include/1.0" xmlns:zs="http://www.loc.gov/zing/srw/">
  <leader>00482nz  a2200157n  4500</leader>
  <controlfield tag="001">no2005051429</controlfield>
  <controlfield tag="003">DLC</controlfield>
  <controlfield tag="005">20050603052059.0</controlfield>
  <controlfield tag="008">050602n| acannaabn          |a aaa     c</controlfield>
  <datafield tag="010" ind1=" " ind2=" ">
    <subfield code="a">no2005051429</subfield>
  </datafield>
  <datafield tag="035" ind1=" " ind2=" ">
    <subfield code="a">(OCoLC)oca06647818</subfield>
  </datafield>
  <datafield tag="040" ind1=" " ind2=" ">
    <subfield code="a">SaPrUSA</subfield>
    <subfield code="b">eng</subfield>
    <subfield code="c">SaPrUSA</subfield>
  </datafield>
  <datafield tag="100" ind1="1" ind2=" ">
    <subfield code="a">Lassort, Paul</subfield>
  </datafield>
  <datafield tag="400" ind1="1" ind2=" ">
    <subfield code="a">Lassort, P.</subfield>
    <subfield code="q">(Paul)</subfield>
  </datafield>
  <datafield tag="670" ind1=" " ind2=" ">
    <subfield code="a">Grammaire guerzeĚ, 1952:</subfield>
    <subfield code="b">t.p. (P. Lassort, R.P.)</subfield>
  </datafield>
  <datafield tag="670" ind1=" " ind2=" ">
    <subfield code="a">BnF, May 13, 2005</subfield>
    <subfield code="b">(hdg.: Lassort, Paul, peĚre blanc, Le. P.; usage: P. Lassort)</subfield>
  </datafield>
</record>